
@Article
{
	axon7jibuc,
	AUTHOR			= "Axon7",
	TITLE				= "An introduction to Jibu for C++",
	INSTITUTION	= "Axon7",
	YEAR				= "2007",
	NOTE				= ""
}

@Article
{
	blas_for_fortran,
	AUTHOR	    = "C. L. Lawson and R. J. Hanson and D. R. Kincaid and F. T. Krogh",
	TITLE	    = "Basic Linear Algebra Subprograms for Fortran Usage",
	INSTITUTION = "ACM Transactions on Mathematical Software",
	YEAR	    = "1978",
        JOURNAL     = " "
}

@Article
{
	proposal_blas,
	AUTHOR	    = "C. L. Lawson and R. J. Hanson and D. R. Kincaid and F. T. Krogh",
	TITLE	    = "A Proposal for Standard Linear Algebra Subprograms",
	INSTITUTION = "ACM Transactions on Mathematical Software",
	YEAR	    = "1973",
        JOURNAL     = " "
}

@Article
{
	extended_blas_for_fortran,
	AUTHOR	    = "J. J. Dongarra and J. Du Croz and S. Hammarling and R. J. Hanson",
	TITLE	    = "An Extended Set of Fortran Basic Linear Algebra Subprograms",
	INSTITUTION = "ACM Transactions on Mathematical Software",
	YEAR	    = "1988",
        JOURNAL     = " "
}

@Article
{
	proposal_extended_blas,
	AUTHOR	    = "J. J. Dongarra and  J. Du Croz and  S. Hammarling and  R. J. Hanson",
	TITLE	    = "A proposal for an extended set of Fortran Basic Linear Algebra Subprograms",
	INSTITUTION = "ACM Transactions on Mathematical Software",
	YEAR	    = "1985",
        JOURNAL     = " "
}


@Article
{
	blas_level_3,
	AUTHOR	    = "J. J. Dongarra and  J. Du Croz and  S. Hammarling and  I. Duff",
	TITLE	    = "A Set of Level 3 Basic Linear Algebra Subprograms",
	INSTITUTION = "ACM Transactions on Mathematical Software",
	YEAR	    = "1990",
        JOURNAL     = " "
}

@Article
{
	bergen99,
	AUTHOR			= "Bergen, Gino van den ",
	TITLE				= "A Fast and Robust GJK Implementation for Collision Detection of Convex Objects",
	INSTITUTION	= "Eindhoven University of Technology",
	YEAR				= "July 6, 1999",
	NOTE				= "?"
}

@Article
{
	memwall94,
	AUTHOR	    = "Win. A. Wulf and Sally A. McKee",
	TITLE	    = "Hitting the Memory Wall: Implications of the Obvious",
	INSTITUTION = "Department of Computer Science University of Virginia",
	YEAR	    = "December 1994",
        JOURNAL     = " "
}

@Book
{
	cellhandbook,
	AUTHOR    = "IBM",
	TITLE     = "Cell Broadband Engine Programming Handbook",
	PUBLISHER = "IBM",
	YEAR      = 2007
}

@Book
{
	ericson05,
	AUTHOR			= "Christer Ericson",
	TITLE				= "Real Time Collision Detection",
	PUBLISHER		= "Morgan Kaufmann",
	YEAR				= 2005
}


@Article
{
	gjk,
	AUTHOR			= "Gilbert, E. G. and  Johnson, D. W. and  Keerthi, S. S.",
	TITLE				= "An fast procedure for computing the distance between complex objects in three-dimensional space",
	PUBLISHER		= "IEEE Journal of Robotics and Automation",
	YEAR				= 1988
}

@Article
{
	jibu_c_intro_part,
	AUTHOR			= "Axon7",
	TITLE				= "An introduction to Jibu for C++",
	PUBLISHER		= "Axon7",
	YEAR				= 2007
}

@Article
{
	cellcsp,
	AUTHOR    = "Mads Alhof Kristiansen",
	TITLE     = "Communicating Sequential Processes on the Cell Broadband Engine",
	PUBLISHER = "DIKU",
        JOURNAL     = " ",
	YEAR      = 2008
}

@Article
{
	elf,
	AUTHOR	  = "TIS Commitee",
	TITLE     = "Tool Interface Standard (TIS) Executable and Linking Format (ELF) Specification",
	PUBLISHER = " ",
        JOURNAL     = " ",
	YEAR      = 1995
}

@Article
{
	spushaders,
	AUTHOR	  = "Mike Ashton",
	TITLE     = "Introducing SPU Shaders",
	PUBLISHER = "Insomniac Games",
        JOURNAL     = " ",
	YEAR      = 2007
}

%http://www.netlib.org/utk/papers/siam-review93/node13.html#subsecblock_LU

@Article
{
	LU_blocked_algorithm,
	AUTHOR			= "Jack Dongarra",
	TITLE				= "Derivation of a Block Algorithm for LU Factorization",
	PUBLISHER		= "Netlib",
	YEAR				= 1997
}


%http://www.ibm.com/developerworks/power/library/pa-cellperf/
%Cell Broadband Engine Architecture and its first implementation
@Article
{
	ibm_architecture,
	AUTHOR		= "T. Chen and  R. Raghaven and  J. Dale and E. Iwata",
	TITLE		= "Cell Broadband Engine Architecture and its first implementation",
	PUBLISHER	= "IBM",
        JOURNAL     = " ",
	YEAR		= 2005
}


@Article
{
	ibm_cell_network,
	AUTHOR		= "Michael Kistler and  Michael Perrone and  Fabrizio Petrini",
	TITLE		= "Cell Multiplocessor Communication Network: Build For Speed",
	PUBLISHER	= "IEEE",
        JOURNAL     = " ",
	YEAR		= 2006
}

@Article
{
	ibm_powerxcell8i,
	AUTHOR		= "IBM",
	TITLE		= "PowerXCell 8i Processor",
	PUBLISHER	= "IBM",
        JOURNAL     = " ",
	YEAR		= 2008
}




@Article
{
	ibm_ABI,
	AUTHOR		= "IBM",
	TITLE		= "Cell Broadband Engine Linux Reference Implementation Application Binary Interface Specification",
	PUBLISHER	= "IBM",
        JOURNAL     = " ",
	YEAR		= 2007
}

@Article
{
	scipy,
	AUTHOR		= "Rasmus T{\o}nnesen",
	TITLE		= "SciPy P{\aa} Cell",
	PUBLISHER	= "DIKU",
        JOURNAL     = " ",
	YEAR		= 2008
}

@Article
{
	ibmblas_cell,
	AUTHOR		= "Vaibhav Saxena and Prashant Agrawal and Yogish Sabharwal and Vijay K. Garg and Vimitha A. Kuruvilla and John A. Gunnels",
	TITLE		= "Optimization of BLAS on the Cell Processor",
	PUBLISHER	= "Springer-Verlag Berlin Heidelberg",
        JOURNAL     = " ",
	YEAR		= 2008
}

@Article
{
	hp_storage_hybrid,
	AUTHOR		= "Bjarne S. Andersen and John A. Gunnels and Fred G. Gustavson and John K. Reid and Jerzy Wasniewski",
	TITLE		= "A Fully Portable High Performance Minimal Storage Hybrid Format Cholesky Algorithm",
	PUBLISHER	= "ACM",
        JOURNAL     = " ",
	YEAR		= 2005
}

@Article
{
	blockhybridformat,
	AUTHOR		= "Fred G. Gustavson and John K and Reid and Jerzy Wasniewski",
	TITLE		= "Algorithm 865: Fortran 95 Subroutines for Cholesky Factorization in Block Hybrid Format",
	PUBLISHER	= "ACM",
        JOURNAL     = " ",
	YEAR		= 2007
}



@Misc
{
python_doc,
NOTE="http://docs.python.org/extending/index.html",
AUTHOR="Python",
        JOURNAL     = " ",
YEAR=2009
}

@Misc
{
lapack_manual,
NOTE="http://www.netlib.org/lapack/lug/node1.html",
AUTHOR="J. Dongarra et al.",
        JOURNAL     = " ",
YEAR="1999"
}

@Misc
{
wiki_powerpc,
NOTE="http://en.wikipedia.org/wiki/PowerPC\_970",
AUTHOR="Wikipedia.org",
        JOURNAL     = " ",
YEAR=2008
}





@Misc
{
mathworld-lu,
NOTE="http://mathworld.wolfram.com/LUDecomposition.html",
AUTHOR="Mathworld.wolfram.com",
JOURNAL     = " ",
YEAR=2009
}

@Misc
{
mathworld-sor,
NOTE="http://mathworld.wolfram.com/SuccessiveOverrelaxationMethod.html",
AUTHOR="Mathworld.wolfram.com",
JOURNAL     = " ",
YEAR=2009
}

@Misc
{
netlib_blas,
NOTE="http://www.netlib.org/blas/",
AUTHOR="Netlib.org",
JOURNAL     = " ",
YEAR=2009
}

%misc
%    For use when nothing else fits.
%    Required fields: none
%    Optional fields: author, title, howpublished, month, year, note, key


%article
%    An article from a journal or magazine.
%    Required fields: author, title, journal, year
%    Optional fields: volume, number, pages, month, note, key
%book
%    A book with an explicit publisher.
%    Required fields: author/editor, title, publisher, year
%    Optional fields: volume, series, address, edition, month, note, key
%booklet
%    A work that is printed and bound, but without a named publisher or sponsoring institution.
%    Required fields: title
%    Optional fields: author, howpublished, address, month, year, note, key
%conference
%    The same as inproceedings, included for Scribe (markup language) compatibility.
%    Required fields: author, title, booktitle, year
%    Optional fields: editor, pages, organization, publisher, address, month, note, key
%inbook
%    A part of a book, which may be a chapter (or section or whatever) and/or a range of pages.
%    Required fields: author/editor, title, chapter/pages, publisher, year
%    Optional fields: volume, series, address, edition, month, note, key
%incollection
%    A part of a book having its own title.
%    Required fields: author, title, booktitle, year
%    Optional fields: editor, pages, organization, publisher, address, month, note, key
%inproceedings
%    An article in a conference proceedings.
%    Required fields: author, title, booktitle, year
%    Optional fields: editor, pages, organization, publisher, address, month, note, key
%manual
%    Technical documentation.
%    Required fields: title
%    Optional fields: author, organization, address, edition, month, year, note, key
%mastersthesis
%    A Master's thesis.
%    Required fields: author, title, school, year
%    Optional fields: address, month, note, key
%misc
%    For use when nothing else fits.
%    Required fields: none
%    Optional fields: author, title, howpublished, month, year, note, key
%phdthesis
%    A Ph.D. thesis.
%    Required fields: author, title, school, year
%    Optional fields: address, month, note, key
%proceedings
%    The proceedings of a conference.
%    Required fields: title, year
%    Optional fields: editor, publisher, organization, address, month, note, key
%techreport
%    A report published by a school or other institution, usually numbered within a series.
%    Required fields: author, title, institution, year
%    Optional fields: type, number, address, month, note, key
%unpublished
%    A document having an author and title, but not formally published.
%    Required fields: author, title, note
%    Optional fields: month, year, key 